

@misc{acrylic,
  title = {Properties of acryllic for cast},
  howpublished = {\url{matweb.com/search/datasheet.aspx?bassnum=O1303&ckck=1}},
  note = {Accessed: 2025-02-11}
}

@misc{ceramic,
  title = {Specific heat capacity of ceramic fiber},
  howpublished = {\url{ccewool.com/what-is-the-specific-heat-capacity-of-ceramic-fiber/}},
  note = {Accessed: 2025-02-11}
}

