@book{erroranalysis,
  author    = {Preston, Daryl W. and Dietz, Eric R.},
  title     = {The Art of Experimental Physics},
  year      = {2025},
  url       = {http://ilide.info-daryl-w-preston-eric-r-dietz-the-art-of-experimental-physics-wiley},
  note      = {Available online}
}

@misc{wiki,
  author    = {{Wikipedia contributors}},
  title     = {Brewster's Angle},
  year      = {2025},
  howpublished = {\url{https://wikipedia.org/wiki/Brewster%27s_angle}},
  note      = {Accessed 2025}
}

@misc{github_code,
  author    = {LAUGHINGCATMEME},
  title     = {PH2233 - Code Repository},
  year      = {2025},
  howpublished = {\url{https://github.com/LAUGHINGCATMEME/PH2233}},
  note      = {GitHub repository}
}

@misc{manual,
  author    = {},
  title     = {Brewester's Angle Manual},
  year      = {2025},
  howpublished = {\url{cdn.pasco.com/product_document/Brewsters-Angle-Accessory-Manual-OS-8170A.pdf}},
  note      = {Experiment Manual}
}

