@misc{github,
     author = {Shah, Aumshree},
     title = {PH2233 Experiment Repository},
     year = {2025},
     howpublished = {\url{https://github.com/LAUGHINGCATMEME/PH2233}},
     note = {}
   }