@misc{github,
     author = {Laughing Meme Cat},
     title = {PH2233 Experiment Repository},
     year = {2025},
     howpublished = {\url{github.com/LAUGHINGCATMEME/PH2233}},
     note = {}
   }