@misc{PrestonDietzErrorAnalysis,
  author       = {Preston, Daryl W. and Dietz, Eric R.},
  title        = {The Art of Experimental Physics},
  chapter      = {Error Analysis},
  publisher    = {Wiley},
  note         = {},
  url          = {http://ilide.info-daryl-w-preston-eric-r-dietz-the-art-of-experimental-physics-wiley}
}



@misc{wiki_photoelectric,
  author = "{Wikipedia contributors}",
  title = "{Photoelectric effect}",
  year = {2025},
  howpublished = "\url{https://en.wikipedia.org/wiki/Photoelectric_effect}",
 note = ""
}

@misc{github_code,
  author = "{LAUGHINGCATMEME}",
  title = "{PH2233 - Code Repository}",
  year = {2025},
  howpublished = "\url{https://github.com/LAUGHINGCATMEME/PH2233}",
 note = ""
}

@misc{ses_apparatus,
  author = "{Ses Instruments}",
  title = "{Planck's Constant Experiment (PC-101)}",
  year = {2025},
  howpublished = "\url{https://www.sesinstruments.in/planck-s-constant-experiment-pc-101-5141096.html}",
 note = ""
}

@misc{fsu_manual,
  author = "{FSU HEP Group}",
  title = "{Photoelectric Effect Experiment Manual}",
  year = {2025},
  howpublished = "\url{http://www.hep.fsu.edu/~wahl/phy4822/expinfo/photel/SVSPhotel.pdf}",
note = ""
}


