@misc{github,
     author = {Laughing Meme Cat},
     title = {PH2233 Experiment Repository},
     year = {2025},
     howpublished = {\url{github.com/LAUGHINGCATMEME/PH2233}},
     note = {}
   }

@misc{alpha,
  title = {Expansion Coefficient of Different Materials},
  howpublished = {\url{engineeringtoolbox.com/linear-expansion-coefficients-d_95.html}},
  note = {Accessed: 2025-02-12}
}